% Encoding: UTF-8

@Article{2019-Chen.Zhu.ea-Review,
  author   = {J. {Chen} and J. {Zhu} and E. L. {Severson}},
  title    = {Review of Bearingless Motor Technology for Significant Power Applications},
  journal  = {IEEE Transactions on Industry Applications},
  year     = {2019},
  pages    = {1-1},
  issn     = {1939-9367},
  doi      = {10.1109/TIA.2019.2963381},
  keywords = {bearingless motor;high speed motor;combined winding;magnetic bearings;self-bearing motor},
}

@Comment{jabref-meta: databaseType:bibtex;}
